// SOURCES FOR QUOTES
@book{weyl_1952, place={Princeton, NJ}, edition={1}, title={Symmetry}, publisher={Pinceton University Press}, author={Weyl, Hermann}, year={1952}, isbn={978-0-691-08045-1}}

@book{hardy_snow_1969, place={Cambridge, England}, title={A Mathematician’s Apology}, publisher={Cambridge University Press}, author={Hardy, Godfrey Harold and Snow, Charles Percy}, year={1969}}

@misc{lockheart_2002, url={https://web.archive.org/web/20230000000000*/https://www.maa.org/external_archive/devlin/LockhartsLament.pdf}, journal={A Mathematician’s Lament}, author={Lockheart, Paul}, year={2002}}

@article{hilbert_1926, title={Über das Unendliche}, volume={95}, DOI={10.1007/bf01206605}, number={1}, journal={Mathematische Annalen}, author={Hilbert, David}, year={1926}, pages={161-190}}

@inbook{cook_borcherds_2009, place={Princeton, NJ}, edition={1}, title={Richard Ewen Borcherds}, booktitle={Mathematicians: An Outer View of the Inner World}, publisher={Princeton University Press}, author={Cook, Mariana Ruth and Borcherds, Richard Ewen}, year={2009}, pages={24}, isbn={978-0-691-13951-7}}

@inbook{lam_2001, place={New York, NY}, edition={2}, title={Preface to the First Edition}, booktitle={A First Course in Noncommutative Rings}, publisher={Springer}, author={Lam, Tsit-Yuen}, year={2001}, pages={ix}, isbn={978-0-387-95183-6}}

@book{kleiner_2007, place={Boston, MA}, title={A History of Abstract Algebra}, publisher={Birkhäuser Boston}, author={Kleiner, Israel}, year={2007}, isbn={978-0-8176-4684-4}}

// BOOKS
@book{humphreys_1996, place={Oxford, England}, edition={1}, title={A Course in Group Theory}, publisher={Oxford University Press}, author={Humphreys, John F.}, year={1996}, isbn={978-0-198-53459-4}}

@book{cohn_1982, place={Chichester Sussex, England}, edition={2}, title={Algebra}, volume={1}, publisher={John Wiley \& Sons}, author={Cohn, Paul Moritz}, year={1982}, isbn={978-0-471-10169-7}}

@book{clark_1984, place={New York, NY}, edition={47.3}, title={Elements of Abstract Algebra}, publisher={Dover Publications}, author={Clark, Allan}, year={1984}, isbn={978-0-486-64725-8}}

@book{hungerford_1980, place={New York, NY}, edition={8}, title={Algebra}, publisher={Springer}, author={Hungerford, Thomas W.}, year={1980}, isbn={978-0-387-90518-1}}

@book{dummit_foote_2004, place={Danvers, MA}, edition={3}, title={Abstract Algebra}, publisher={John Wiley \& Sons}, author={Dummit, David Steven and Foote, Richard Martin}, year={2004}, isbn={978-0-471-43334-7}}

@book{gallian_2016, place={Boston, MA}, edition={9}, title={Contemporary Abstract Algebra}, publisher={Cengage Learning}, author={Gallian, Joseph A.}, year={2016}, isbn={978-1-305-65796-0}}

@book{hammack_2018, place={Richmond, VA}, edition={3}, title={Book of Proof}, publisher={Richard Hammack}, author={Hammack, Richard H.}, year={2018}, isbn={978-0-989-47213-5}}

@book{judson_beezer_2022, place={Ann Arbor, MI}, title={Abstract Algebra: Theory and Applications}, publisher={Orthogonal Publishing}, author={Judson, Thomas W. and Beezer, Robert A.}, year={2022}, isbn={978-1-944-32516-9}}

// PART I CITATIONS
@misc{milne_2021, author={Milne, James S.}, title={Group Theory (v4.00)}, year={2021}, url={https://www.jmilne.org/math/CourseNotes/gt.html}, pages={139}}

@misc{proofwiki_infinite-cyclic-group, title={Infinite Cyclic Group is Isomorphic to Integers}, url={https://proofwiki.org/wiki/Infinite_Cyclic_Group_is_Isomorphic_to_Integers}, journal={ProofWiki}, year={2022}, month={3}}

@misc{proofwiki_symmetric-group-of-same-order-are-isomorphic, title={Symmetric Groups of Same Order are Isomorphic}, url={https://proofwiki.org/wiki/Symmetric_Groups_of_Same_Order_are_Isomorphic}, journal={ProofWiki}, year={2018}, month={10}}

@misc{proofwiki_cayleys-theorem, title={Cayley's Representation Theorem}, url={https://proofwiki.org/wiki/Cayley%27s_Representation_Theorem}, journal={ProofWiki}, year={2021}, month={10}}

@misc{libretexts_im-and-ker, title={4.3: Image and Kernel}, url={https://math.libretexts.org/@go/page/675}, journal={Mathematics LibreTexts}, publisher={Libretexts}, author={Google Research}, year={2022}, month={3}}

@misc{proofwiki_order-of-group-element-in-external-direct-product, title={Order of Group Element in Group Direct Product}, url={https://proofwiki.org/wiki/Order_of_Group_Element_in_Group_Direct_Product}, journal={ProofWiki}, year={2019}, month={2}}

@misc{brilliant_group-actions, title={Group Actions}, url={https://brilliant.org/wiki/group-actions/}, journal={Brilliant Math and Science Wiki}}

@misc{rowland_group-action, title={Group Action}, url={https://mathworld.wolfram.com/GroupAction.html}, journal={Wolfram MathWorld}, author={Rowland, Todd}}

@misc{proofwiki_burnsides-lemma, title={Burnside's Lemma}, url={https://proofwiki.org/wiki/Burnside%27s_Lemma}, journal={ProofWiki}, year={2021}, month={11}}

@misc{mann_2011, title={Notes on Sylow's Theorems}, url={https://math.berkeley.edu/~kpmann/SylowNotes.pdf}, publisher={University of California, Berkeley}, author={Mann, Kathryn}, year={2011}}

@article{wielandt_1959, title={Ein Beweis für die Existenz der Sylowgruppen}, volume={10}, DOI={10.1007/bf01240818}, number={1}, journal={Archiv der Mathematik}, author={Wielandt, Helmut}, year={1959}, month={12}, pages={401-402}}

@misc{proofwiki_composition-series-definition, title={Definition:Composition Series}, url={https://proofwiki.org/wiki/Definition:Composition_Series}, journal={ProofWiki}, year={2019}, month={5}}

@misc{proofwiki_finite-group-has-composition-series, title={Finite Group has Composition Series}, url={https://proofwiki.org/wiki/Finite_Group_has_Composition_Series}, journal={ProofWiki}, year={2021}, month={7}}

@misc{proofwiki_schreier-zassenhaus, title={Schreier-Zassenhaus Theorem}, url={https://proofwiki.org/wiki/Schreier-Zassenhaus_Theorem}, journal={ProofWiki}, year={2019}, month={12}}

@misc{conrad_2022, title={Simplicity of $\An{n}$}, url={https://kconrad.math.uconn.edu/blurbs/grouptheory/Ansimple.pdf}, author={Conrad, Keith}, year={2022}, month={11}}

@misc{wikipedia_list-of-simple-groups, title={List of Finite Simple Groups}, url={https://en.wikipedia.org/wiki/List_of_finite_simple_groups}, journal={Wikipedia}, publisher={Wikimedia Foundation}, year={2023}, month={3}}

// PART II CITATIONS
@misc{mathworld_semiring-definition, title={Semiring}, url={https://mathworld.wolfram.com/Semiring.html}, journal={Wolfram MathWorld}, author={Weisstein, Eric W.}}

@misc{proofwiki_rig-definition, title={Definition:Rig}, url={https://www.proofwiki.org/wiki/Definition:Rig}, journal={ProofWiki}, year={2022}, month={10}, day={25}}

@misc{proofwiki_ring-definition, title={Definition:Ring (Abstract Algebra)}, url={https://proofwiki.org/wiki/Definition:Ring_(Abstract_Algebra)}, journal={ProofWiki}, year={2022}, month={9}, day={28}}

@misc{hoffstein_pipher_silverman_1996, title={NTRU: A New High-Speed Public Key Cryptosystem}, url={https://ntru.org/f/hps96.pdf}, author={Hoffstein, Jeffrey and Pipher, Jill and Silverman, Joseph H.}, year={1996}, month={8}, day={13}, note={Manuscript circulated at CRYPTO 1996 rump session}}

@article{hoffstein_pipher_silverman_1998, title={NTRU: A Ring-Based Public Key Cryptosystem}, DOI={10.1007/bfb0054868}, url={https://ntru.org/f/hps98.pdf}, journal={Lecture Notes in Computer Science}, author={Hoffstein, Jeffrey and Pipher, Jill and Silverman, Joseph H.}, year={1998}, month={9}, day={21}, pages={267–288}}

@misc{silverman_1999, title={Almost Inverses and Fast NTRU Key Creation}, url={https://ntru.org/f/tr/tr014v1.pdf}, author={Silverman, Joseph H.}, year={1999}, month={3}, day={15}}

@misc{ntru_2020, title={Round 3 NIST Submission Package}, url={https://ntru.org/release/NIST-PQ-Submission-NTRU-20201016.tar.gz}, journal={NIST CSRC}, author={Chen, Cong and Danba, Oussama and Hoffstein, Jeffrey and Hulsing, Andreas and Rijneveld, Joost and Schanck, John M. and Schwabe, Peter and Whyte, William and Zhang, Zhenfei and Saito, Tsunekazu and et al.}, year={2020}, month={10}, day={16}, addendum={In the package, see \texttt{Supporting\_Documents/ntru.pdf}.}}

@misc{hulsing_rijneveld_schanck_schwabe_2018, title={NTRU-HRSS}, url={https://www.ntru.org/talks/20180412_nist_round1.pdf}, journal={NTRU}, author={Hülsing, Andreas and Rijneveld, Joost and Schanck, John and Schwabe, Peter}, year={2018}, month={4}, day={13}}

// PART III CITATIONS
@misc{treil_2017, title={Linear Algebra Done Wrong}, url={https://www.math.brown.edu/streil/papers/LADW/LADW_2017-09-04.pdf}, journal={Department of Mathematics, Brown University}, author={Treil, Sergei}, year={2017}, month={Sep}}
